  @MISC{angularJS,
      author =       "{AngularJS team}",  
      title =        "{AngularJS Official Documentation}",
      url =          "https://docs.angularjs.org/guide/introduction",
      note = "[Online; cit. 16.5.2016]"
   }

   @MISC{filip,
      author =       "Filip Matys",
      title =        "{\it Webový nástroj pro správu výsledků dlouhodobého testování}",
      howpublished = "FIT VUT v Brně",
      year =         "2014",
      note = "[Online; cit. 16.5.2016]"
   }
